@article{Mulders2016,
author = {Mulders, Iris and Szendroi, Krista},
doi = {10.3389/fpsyg.2016.00150},
file = {:Users/judithdegen/cogsci/papers{\_}misc/mulders2016.pdf:pdf},
journal = {Frontiers in Psychology},
keywords = {anticipatory eye movements and,eye tracking,focus,incremental language processing,marked stress,predictions,prosody,semantics,visual,world paradigm},
number = {March},
pages = {1--19},
title = {{Early Association of Prosodic Focus with alleen â€˜ only ': Evidence from Eye Movements in the Visual-World Paradigm}},
volume = {7},
year = {2016}
}
@article{Kurumada2015,
author = {Kurumada, Chigusa and Brown, Meredith and Bibyk, Sarah and Pontillo, Daniel F and Tanenhaus, Michael K.},
doi = {10.1016/j.cognition.2014.05.017.Is},
file = {:Users/judithdegen/cogsci/papers{\_}misc/kurumada2014.pdf:pdf},
journal = {Cognition},
keywords = {contrastive accent,pragmatic inference,prosody,visual world eye-tracking},
number = {2},
pages = {335--342},
title = {{Is it or isn't it: Listeners make rapid use of prosody to infer speaker meanings}},
volume = {133},
year = {2015}
}
