% -----------------------------------------------------------------------
% File: CogSci_Template.bib
% -----------------------------------------------------------------------

% Modified : Eli M. Silk (esilk at pitt.edu)            05/24/2005
% Modified : David Noelle (dnoelle at ucmerced.edu)     11/19/2014

@article{AllopennaEtAl1998:Tracking-the-Time-,
  author = {Paul D. Allopenna and James S. Magnuson and Michael K. Tanenhaus},
  year = {1998},
  title = {Tracking the Time Course of Spoken Word Recognition Using Eye Movements: Evidence for Continuous Mapping Models},
  journal = {Journal of Memory and Language},
  volume = {38},
  number = {4},
  pages = {419--439},
  issn = {0749-596X},
  doi = {https://doi.org/10.1006/jmla.1997.2558}
}

@InProceedings{LeffelXiangKennedy2016:Imprecision-is-Pragmatic-,
  author = {Timothy Leffel and Ming Xiang and Christopher Kennedy},
  title = {Imprecision is pragmatic: Evidence from referential processing},
  year = {2016},
  booktitle = {Semantics and Linguistic Theory},
  volume = {26},
  pages = {836--854},
  issn = {2163-5951},
  publisher = {},
  address = {}
}


@InCollection{SalverdaTanenhaus2017:The-Visual-World-Paradigm,
  author = {Anne Pier Salverda and Michael K. Tanenhaus},
  title = {The Visual World Paradigm},
  pages = {89--110},
  booktitle = {Research Methods in Psycholinguistics and the Neurobiology of Language: A Practical Guide},
  year = {2017},
  editor = {de Groot, Annette M. B. and Peter Hagoort},
  publisher = {Wiley Blackwell},
  address = {}
}

@Article{SedivyEtAl1999:Achieving-Incremental-Semantic-,
  title = {Achieving incremental semantic interpretation through contextual representation},
  author = {Julie C. Sedivy and Michael K. Tanenhaus and Craig G. Chambers and Gregory N. Carlson},
  year = {1999},
  journal = {Cognition},
  volume = {71},
  number = {2},
  pages = {109--147},
  publisher = {Elsevier {BV}}
}

@Article{Sedivy2003:Pragmatic-Versus-Form-,
  author= {Sedivy, Julie C.},
  title= {Pragmatic Versus Form-Based Accounts of Referential Contrast: Evidence for Effects of Informativity Expectations},
  journal= {Journal of Psycholinguistic Research},
  year= {2003},  
  volume= {32},
  number= {1},
  pages= {3--23},
  issn= {1573-6555}
}

﻿@Article{Kennedy2007:Vagueness-and-Grammar,
  author = {Kennedy, Christopher},
  title = {Vagueness and grammar: the semantics of relative and absolute gradable adjectives},
  journal = {Linguistics and Philosophy},
  year = {2007},
  volume = {30},
  number = {1},
  pages = {1--45},
  issn = {1573-0549},
  publisher = {Springer},
  address = {Dordrecht, the Netherlands},
}

@Article{SyrettKennedyLidz2010:Meaning-and-Context-,
  author = {Syrett, Kristen and Kennedy, Christopher and Lidz, Jeffrey},
  title = {Meaning and Context in Children's Understanding of Gradable Adjectives},
  journal = {Journal of Semantics},
  volume = {27},
  number = {1},
  pages = {1-35},
  year = {2010}
}

@inproceedings{LassiterGoodman2013:Context-Scale-S,
	Author = {Daniel Lassiter and Noah D. Goodman},
	Booktitle = {Proceedings of {SALT} 23},
	Title = {Context, Scale Structure, and Statistics in the Interpretation of Positive-Form Adjectives},
	Year = {2013}}

@article{LassiterGoodman2015:Adjectival-vagu,
  Author = {Daniel Lassiter and Noah D. Goodman},
	Journal = {Synthese},
	Title = {Adjectival vagueness in a {B}ayesian model of interpretation},
	Year = {2015}}

@inproceedings{QingFranke2014:Gradable-Adject,
	Author = {Ciyang Qing and Michael Franke},
	Booktitle = {Proceedings of {SALT}},
	Editor = {Jessi Grieser and Todd Snider and Sarah D'Antonio and Mia Wiegand},
	Pages = {23--41},
	Publisher = {elanguage.net},
	Title = {Gradable Adjectives, Vagueness, and Optimal Language Use: {A} Speaker-Oriented Model},
	Year = {2014}}

@inproceedings{QingFranke2014:Meaning-and-Use,
	Address = {Austin, TX},
	Author = {Ciyang Qing and Michael Franke},
	Booktitle = {Proceedings of CogSci},
	Editor = {Paul Bello and Marcello Guarini and Marjorie McShane and Brian Scassellati},
	Pages = {1204-1209},
	Publisher = {Cognitive Science Society},
	Title = {Meaning and Use of Gradable Adjectives: Formal Modeling Meets Empirical Data},
	Year = {2014}}


@TechReport{OhlssonLangley1985a,
  author =	 {S. Ohlsson and P. Langley},
  title =	 {Identifying solution paths in cognitive diagnosis},
  institution =	 {Carnegie Mellon University, The Robotics Institute},
  year =	 1985,
  address =	 {Pittsburgh, PA},
  number =	 {CMU-RI-TR-85-2}
}

@PhdThesis{Matlock2001,
  author =	 {Teenie Matlock},
  title =	 {How real is fictive motion?},
  school =	 {Psychology Department, University of California,
                  Santa Cruz},
  year =	 2001,
  type =	 {Doctoral dissertation}
}

@PhdThesis{Lewis1978a,
  author =	 {C. Lewis},
  title =	 {Production system models of practice effects},
  school =	 {Department of Psychology, University of Michigan,
                  Ann Arbor},
  year =	 1978,
  type =	 {Doctoral dissertation}
}

@Book{NewellSimon1972a,
  author =	 {A. Newell and H. A. Simon},
  title =	 {Human problem solving},
  publisher =	 {Prentice-Hall},
  year =	 1972,
  address =	 {Englewood Cliffs, NJ}
}

@Book{ShragerLangley1990a,
  editor =	 {J. Shrager and P. Langley},
  title =	 {Computational models of scientific discovery and
                  theory formation},
  publisher =	 {Morgan Kaufmann},
  year =	 1990,
  address =	 {San Mateo, CA}
}

@article{tanenhaus1995,
author = {Tanenhaus, Michael K and Spivey-Knowlton, Michael J and Eberhard, Kathleen M and Sedivy, Julie C},
journal = {Science},
keywords = {intropsychling},
mendeley-tags = {intropsychling},
pages = {1632 -- 1634},
title = {{Integration of visual and linguistic information in spoken language comprehension}},
volume = {268},
year = {1995}
}

@book{marr1982,
address = {San Francisco},
author = {Marr, David},
publisher = {W.H. Freeman},
title = {{Vision: A Computational Investigation into the Human Representation and Processing of Visual Information}},
year = {1982}
}

@article{Mulders2016,
author = {Mulders, Iris and Szendroi, Krista},
file = {:Users/judithdegen/cogsci/papers{\_}misc/mulders2016.pdf:pdf},
journal = {Frontiers in Psychology},
keywords = {anticipatory eye movements and,eye tracking,focus,incremental language processing,marked stress,predictions,prosody,semantics,visual,world paradigm},
number = {March},
pages = {1--19},
title = {{Early Association of Prosodic Focus with alleen ‘ only ': Evidence from Eye Movements in the Visual-World Paradigm}},
volume = {7},
year = {2016}
}
@article{Kurumada2015,
author = {Kurumada, Chigusa and Brown, Meredith and Bibyk, Sarah and Pontillo, Daniel F and Tanenhaus, Michael K.},
file = {:Users/judithdegen/cogsci/papers{\_}misc/kurumada2014.pdf:pdf},
journal = {Cognition},
keywords = {contrastive accent,pragmatic inference,prosody,visual world eye-tracking},
number = {2},
pages = {335--342},
title = {{Is it or isn't it: Listeners make rapid use of prosody to infer speaker meanings}},
volume = {133},
year = {2015}
}

% -----------------------------------------------------------------------
% Document End
% -----------------------------------------------------------------------

